@misc{morrison_MSA_2018,
      title={Multiple Sequence Alignment is not a Solved Problem},
      author={David A. Morrison},
      year={2018},
      eprint={1808.07717},
      archivePrefix={arXiv},
      primaryClass={q-bio.PE}
}
@article{metrics_blackburne_whelan_2011,
    author = {Blackburne, Benjamin P. and Whelan, Simon},
    title = "{Measuring the distance between multiple sequence alignments}",
    journal = {Bioinformatics},
    volume = {28},
    number = {4},
    pages = {495-502},
    year = {2011},
    month = {12},
    issn = {1367-4803},
    doi = {10.1093/bioinformatics/btr701},
    url = {https://doi.org/10.1093/bioinformatics/btr701},
    eprint = {https://academic.oup.com/bioinformatics/article-pdf/28/4/495/563214/btr701.pdf}
}
@article{sequence_aln_morrison_2010,
    author = {Morrison, David A.},
    title = "{Sequence Alignment: Methods, Models, Concepts, and Strategies}",
    journal = {Systematic Biology},
    volume = {59},
    number = {3},
    pages = {363-365},
    year = {2010},
    month = {02},
    issn = {1063-5157},
    doi = {10.1093/sysbio/syq001},
    url = {https://doi.org/10.1093/sysbio/syq001},
    eprint = {https://academic.oup.com/sysbio/article-pdf/59/3/363/24206845/syq001.pdf}
}
@article{problems_cartwright_2009,
  title={Problems and solutions for estimating indel rates and length distributions},
  author={Cartwright, Reed A},
  journal={Molecular biology and evolution},
  volume={26},
  number={2},
  pages={473--480},
  year={2009},
  publisher={Oxford University Press}
}
@book{sequence_alignment_rosenberg_2009,
  title={Sequence alignment: methods, models, concepts, and strategies},
  author={Rosenberg, Michael S},
  year={2009},
  publisher={Univ of California Press}
}
@article{MSA_kumar_2007,
  title={Multiple sequence alignment: in pursuit of homologous DNA positions},
  author={Kumar, Sudhir and Filipski, Alan},
  journal={Genome research},
  volume={17},
  number={2},
  pages={127--135},
  year={2007},
  publisher={Cold Spring Harbor Lab}
}
@article{identification_smith_1981,
  title={Identification of common molecular subsequences},
  author={Smith, Temple F and Waterman, Michael S and others},
  journal={Journal of molecular biology},
  volume={147},
  number={1},
  pages={195--197},
  year={1981},
  publisher={Elsevier Science}
}
@article{estimates_schneider_2009,
  title={Estimates of positive Darwinian selection are inflated by errors in sequencing, annotation, and alignment},
  author={Schneider, Adrian and Souvorov, Alexander and Sabath, Niv and Landan, Giddy and Gonnet, Gaston H and Graur, Dan},
  journal={Genome biology and evolution},
  volume={1},
  pages={114--118},
  year={2009},
  publisher={Narnia}
}
% not used
@article{art_morrison_2015,
  title={Is sequence alignment an art or a science?},
  author={Morrison, David A},
  journal={Systematic Botany},
  volume={40},
  number={1},
  pages={14--26},
  year={2015},
  publisher={American Society of Plant Taxonomists}
}
@article{ensembl_hubbard_2002,
  title={The Ensembl genome database project},
  author={Hubbard, Tim and Barker, Daniel and Birney, Ewan and Cameron, Graham and Chen, Yuan and Clark, L and Cox, Tony and Cuff, J and Curwen, Val and Down, Thomas and others},
  journal={Nucleic acids research},
  volume={30},
  number={1},
  pages={38--41},
  year={2002},
  publisher={Oxford University Press}
}
@incollection{prank_loytynoja_2014,
  title={Phylogeny-aware alignment with PRANK},
  author={L{\"o}ytynoja, Ari},
  booktitle={Multiple sequence alignment methods},
  pages={155--170},
  year={2014},
  publisher={Springer}
}
@article{mafft_katoh_2002,
  title={MAFFT: a novel method for rapid multiple sequence alignment based on fast Fourier transform},
  author={Katoh, Kazutaka and Misawa, Kazuharu and Kuma, Kei-ichi and Miyata, Takashi},
  journal={Nucleic acids research},
  volume={30},
  number={14},
  pages={3059--3066},
  year={2002},
  publisher={Oxford University Press}
}
@article{clustal_omega_sievers_2011,
  title={Fast, scalable generation of high-quality protein multiple sequence alignments using Clustal Omega},
  author={Sievers, Fabian and Wilm, Andreas and Dineen, David and Gibson, Toby J and Karplus, Kevin and Li, Weizhong and Lopez, Rodrigo and McWilliam, Hamish and Remmert, Michael and S{\"o}ding, Johannes and others},
  journal={Molecular systems biology},
  volume={7},
  number={1},
  pages={539},
  year={2011},
  publisher={John Wiley \& Sons, Ltd Chichester, UK}
}
% not used
@article{effect_fletcher_2010,
  title={The effect of insertions, deletions, and alignment errors on the branch-site test of positive selection},
  author={Fletcher, William and Yang, Ziheng},
  journal={Molecular biology and evolution},
  volume={27},
  number={10},
  pages={2257--2267},
  year={2010},
  publisher={Oxford University Press}
}
% not used
@article{effects_jordan_2012,
  title={The effects of alignment error and alignment filtering on the sitewise detection of positive selection},
  author={Jordan, Gregory and Goldman, Nick},
  journal={Molecular biology and evolution},
  volume={29},
  number={4},
  pages={1125--1139},
  year={2012},
  publisher={Oxford University Press}
}
% not used
@article{ka_ks_li_1993,
  title={Unbiased estimation of the rates of synonymous and nonsynonymous substitution},
  author={Li, Wen-Hsiung},
  journal={Journal of molecular evolution},
  volume={36},
  number={1},
  pages={96--99},
  year={1993},
  publisher={Springer}
}
@inproceedings{indel_phases_zhu_2019,
author={Ziqi Zhu and Reed A. Cartwright},
booktitle={Biodesign FUSION Scientific Retreat, Phoenix, AZ},
title={Poster: Profilling of Indel Phases in Coding Regions},
year={2019}
}
% not used
@article{guidelines_vihinen_2020,
    author = {Vihinen, Mauno},
    title = "{Guidelines for systematic reporting of sequence alignments}",
    journal = {Biology Methods and Protocols},
    volume = {5},
    number = {1},
    year = {2020},
    month = {01},
    issn = {2396-8923},
    doi = {10.1093/biomethods/bpaa001},
    url = {https://doi.org/10.1093/biomethods/bpaa001},
    note = {bpaa001},
    eprint = {https://academic.oup.com/biomethods/article-pdf/5/1/bpaa001/33167677/bpaa001.pdf}
}
@article{gotoh_1982,
  title={An improved algorithm for matching biological sequences},
  author={Gotoh, Osamu},
  journal={Journal of molecular biology},
  volume={162},
  number={3},
  pages={705--708},
  year={1982},
  publisher={Elsevier}
}
@incollection{mafft_katoh_2009,
  title={Multiple alignment of DNA sequences with MAFFT},
  author={Katoh, Kazutaka and Asimenos, George and Toh, Hiroyuki},
  booktitle={Bioinformatics for DNA sequence analysis},
  pages={39--64},
  year={2009},
  publisher={Springer}
}
@article{wong_alignment_2008,
  title={Alignment uncertainty and genomic analysis},
  author={Wong, Karen M and Suchard, Marc A and Huelsenbeck, John P},
  journal={Science},
  volume={319},
  number={5862},
  pages={473--476},
  year={2008},
  publisher={American Association for the Advancement of Science}
}
@article{framework_morrison_2009,
  title={A framework for phylogenetic sequence alignment},
  author={Morrison, David A},
  journal={Plant Systematics and Evolution},
  volume={282},
  number={3},
  pages={127--149},
  year={2009},
  publisher={Springer}
}
@article{yoon_2009_hmm,
  title={Hidden Markov models and their applications in biological sequence analysis},
  author={Yoon, Byung-Jun},
  journal={Current genomics},
  volume={10},
  number={6},
  pages={402--415},
  year={2009},
  publisher={Bentham Science Publishers}
}
@article{cornish_1985_nomenclature,
  title={Nomenclature for incompletely specified bases in nucleic acid sequences: recommendations 1984.},
  author={Cornish-Bowden, Athel},
  journal={Nucleic acids research},
  volume={13},
  number={9},
  pages={3021},
  year={1985},
  publisher={Oxford University Press}
}
@article{dempster_laird_rubin_EM_1977,
 ISSN = {00359246},
 URL = "{http://www.jstor.org/stable/2984875}",
 abstract = {A broadly applicable algorithm for computing maximum likelihood estimates from incomplete data is presented at various levels of generality. Theory showing the monotone behaviour of the likelihood and convergence of the algorithm is derived. Many examples are sketched, including missing value situations, applications to grouped, censored or truncated data, finite mixture models, variance component estimation, hyperparameter estimation, iteratively reweighted least squares and factor analysis.},
 author = {A. P. Dempster and N. M. Laird and D. B. Rubin},
 journal = {Journal of the Royal Statistical Society. Series B (Methodological)},
 number = {1},
 pages = {1--38},
 publisher = {[Royal Statistical Society, Wiley]},
 title = {Maximum Likelihood from Incomplete Data via the EM Algorithm},
 urldate = {2022-04-15},
 volume = {39},
 year = {1977}
}
@article{muse_gaut_1994,
  title={A likelihood approach for comparing synonymous and nonsynonymous nucleotide substitution rates, with application to the chloroplast genome.},
  author={Muse, Spencer V and Gaut, Brandon S},
  journal={Molecular biology and evolution},
  volume={11},
  number={5},
  pages={715--724},
  year={1994}
}
@article{kosiol_ECM_2007,
  title={An empirical codon model for protein sequence evolution},
  author={Kosiol, Carolin and Holmes, Ian and Goldman, Nick},
  journal={Molecular biology and evolution},
  volume={24},
  number={7},
  pages={1464--1479},
  year={2007},
  publisher={Oxford University Press}
}
@article{tavare_gtr_1986,
  title={Some probabilistic and statistical problems in the analysis of DNA sequences},
  author={Tavar{\'e}, Simon and others},
  journal={Lectures on mathematics in the life sciences},
  volume={17},
  number={2},
  pages={57--86},
  year={1986}
}
@article{suchard_baliphy_2006,
  title={BAli-Phy: simultaneous Bayesian inference of alignment and phylogeny},
  author={Suchard, Marc A and Redelings, Benjamin D},
  journal={Bioinformatics},
  volume={22},
  number={16},
  pages={2047--2048},
  year={2006},
  publisher={Oxford University Press}
}
@article{ranwez_macse_2011,
  title={MACSE: Multiple Alignment of Coding SEquences accounting for frameshifts and stop codons},
  author={Ranwez, Vincent and Harispe, S{\'e}bastien and Delsuc, Fr{\'e}d{\'e}ric and Douzery, Emmanuel JP},
  journal={PloS one},
  volume={6},
  number={9},
  pages={e22594},
  year={2011},
  publisher={Public Library of Science San Francisco, USA}
}
@article{holmes_em_2005,
  title={Using evolutionary expectation maximization to estimate indel rates},
  author={Holmes, Ian},
  journal={Bioinformatics},
  volume={21},
  number={10},
  pages={2294--2300},
  year={2005},
  publisher={Oxford University Press}
 }
@article{myers_miller_1988,
  title={Optimal alignments in linear space},
  author={Myers, Eugene W and Miller, Webb},
  journal={Bioinformatics},
  volume={4},
  number={1},
  pages={11--17},
  year={1988},
  publisher={Oxford University Press}
}
@article{stephens2009divergence,
  title={Divergence without difference: phylogenetics and taxonomy of Chlamydia resolved},
  author={Stephens, Richard S and Myers, Garry and Eppinger, Mark and Bavoil, Patrik M},
  journal="{FEMS Immunology \& Medical Microbiology}",
  volume={55},
  number={2},
  pages={115--119},
  year={2009},
  publisher={Blackwell Publishing Ltd Oxford}
}
@article{abascal2010translatorx,
  title={TranslatorX: multiple alignment of nucleotide sequences guided by amino acid translations},
  author={Abascal, Federico and Zardoya, Rafael and Telford, Maximilian J},
  journal={Nucleic acids research},
  volume={38},
  pages={W7--W13},
  year={2010},
  publisher={Oxford University Press}
}
@article{bininda2005transalign,
  title={transAlign: using amino acids to facilitate the multiple alignment of protein-coding DNA sequences},
  author="{Bininda-Emonds, Olaf}",
  journal={BMC bioinformatics},
  volume={6},
  number={1},
  pages={1--6},
  year={2005},
  publisher={Springer}
}
@article{bradley2007transducers,
  title="Transducers: an emerging probabilistic framework for modeling indels on trees.",
  author={Bradley, Robert K and Holmes, Ian},
  journal={Bioinformatics},
  volume={23},
  number={23},
  year={2007},
  publisher={Citeseer}
}
@article{holmes2002expectation,
  title={An expectation maximization algorithm for training hidden substitution models},
  author={Holmes, I and Rubin, GM},
  journal={Journal of molecular biology},
  volume={317},
  number={5},
  pages={753--764},
  year={2002},
  publisher={Elsevier}
}
@article{jukes1969mammalian,
  title={Mammalian protein metabolism},
  author={Jukes, THOMAS H and Cantor, Charles R and Munro, HN and others},
  year={1969}
}
@article{hasegawa1985dating,
  title={Dating of the human-ape splitting by a molecular clock of mitochondrial DNA},
  author={Hasegawa, Masami and Kishino, Hirohisa and Yano, Taka-aki},
  journal={Journal of molecular evolution},
  volume={22},
  number={2},
  pages={160--174},
  year={1985},
  publisher={Springer}
}
@article{tamura1993estimation,
  title={Estimation of the number of nucleotide substitutions in the control region of mitochondrial DNA in humans and chimpanzees.},
  author={Tamura, Koichiro and Nei, Masatoshi},
  journal={Molecular biology and evolution},
  volume={10},
  number={3},
  pages={512--526},
  year={1993}
}
@article{cartwright2005dawg,
  title={DNA assembly with gaps (Dawg): simulating sequence evolution},
  author={Cartwright, Reed A},
  journal={Bioinformatics},
  volume={21},
  number={Suppl\_3},
  pages={iii31--iii38},
  year={2005},
  publisher={Oxford University Press}
}
@article{holmes2001evolutionary,
  title={Evolutionary HMMs: a Bayesian approach to multiple alignment},
  author={Holmes, Ian and Bruno, William J},
  journal={Bioinformatics},
  volume={17},
  number={9},
  pages={803--820},
  year={2001},
  publisher={Oxford University Press}
}
@article{henikoff1992amino,
  title={Amino acid substitution matrices from protein blocks},
  author={Henikoff, Steven and Henikoff, Jorja G},
  journal={Proceedings of the National Academy of Sciences},
  volume={89},
  number={22},
  pages={10915--10919},
  year={1992},
  publisher={National Acad Sciences}
}
@article{jackman2018tigmint,
  title={Tigmint: correcting assembly errors using linked reads from large molecules},
  author={Jackman, Shaun D and Coombe, Lauren and Chu, Justin and Warren, Rene L and Vandervalk, Benjamin P and Yeo, Sarah and Xue, Zhuyi and Mohamadi, Hamid and Bohlmann, Joerg and Jones, Steven JM and others},
  journal={BMC bioinformatics},
  volume={19},
  number={1},
  pages={1--10},
  year={2018},
  publisher={BioMed Central}
}
@article{hu2012predicting,
  title={Predicting the effects of frameshifting indels},
  author={Hu, Jing and Ng, Pauline C},
  journal={Genome biology},
  volume={13},
  number={2},
  pages={1--11},
  year={2012},
  publisher={Springer}
}